<?xml version="1.0" encoding="UTF-8"?><collection xmlns="http://www.loc.gov/MARC21/slim"><record><leader>00364nam--2200121-i-4500</leader><controlfield tag="001">000000319</controlfield><controlfield tag="002">20161230</controlfield><controlfield tag="005">20161230201024</controlfield><controlfield tag="008">060222s1000------------r-----000-0-eng-d</controlfield><datafield ind1=" " ind2=" " tag="245"><subfield code="a">Germanium.ergazungsband.achte vollig neu bearbeitete auflage</subfield></datafield><datafield ind1=" " ind2=" " tag="260"><subfield code="a">Weinheim/Bergstr., Verlag Chemie.   576 P</subfield></datafield><datafield ind1=" " ind2=" " tag="490"><subfield code="a">Gmelins Handbuch Der Anorganischen Chemie</subfield></datafield><datafield ind1=" " ind2=" " tag="852"><subfield code="a">15314</subfield></datafield></record></collection>